@article{bmc2qbf,
  title={Compressing BMC encodings with QBF},
  author={Jussila, Toni and Biere, Armin},
  journal={Electronic Notes in Theoretical Computer Science},
  volume={174},
  number={3},
  pages={45--56},
  year={2007},
  publisher={Elsevier}
}

@inproceedings{antisat,
  title={Antichain with SAT and Tries},
  author={Hol{\'\i}k, Luk{\'a}{\v{s}} and Vargov{\v{c}}{\'\i}k, Pavol},
  booktitle={27th International Conference on Theory and Applications of Satisfiability Testing (SAT 2024)},
  year={2024},
  organization={Schloss Dagstuhl--Leibniz-Zentrum f{\"u}r Informatik}
}

@inproceedings{rintanen2001partial,
  title={Partial implicit unfolding in the Davis-Putnam procedure for quantified Boolean formulae},
  author={Rintanen, Jussi},
  booktitle={International Conference on Logic for Programming Artificial Intelligence and Reasoning},
  pages={362--376},
  year={2001},
  organization={Springer}
}

@inproceedings{biere2004resolve,
  title={Resolve and expand},
  author={Biere, Armin},
  booktitle={International conference on theory and applications of satisfiability testing},
  pages={59--70},
  year={2004},
  organization={Springer}
}
